@article{rammstedt2007measuring,
  title={Measuring personality in one minute or less: A 10-item short version of the Big Five Inventory in English and German},
  author={Rammstedt, Beatrice and John, Oliver P},
  journal={Journal of research in Personality},
  volume={41},
  number={1},
  pages={203--212},
  year={2007},
  publisher={Elsevier}
}

@article{hirsh2012personalized,
  title={Personalized persuasion: Tailoring persuasive appeals to recipientsâ€™ personality traits},
  author={Hirsh, Jacob B and Kang, Sonia K and Bodenhausen, Galen V},
  journal={Psychological science},
  volume={23},
  number={6},
  pages={578--581},
  year={2012},
  publisher={Sage Publications Sage CA: Los Angeles, CA}
}

@article{john1991big,
  title={The Big Five Inventory-Versions 4a and 54},
  author={John, OP},
  journal={University of California, Berkeley, Institute of Personality and Social Research},
  year={1991}
}

@article{winter2021effects,
  title={The effects of trait-based personalization in social media advertising},
  author={Winter, Stephan and Maslowska, Ewa and Vos, Anne L},
  journal={Computers in Human Behavior},
  volume={114},
  pages={106525},
  year={2021},
  publisher={Elsevier}
}

@article{matz2024potential,
  title={The potential of generative AI for personalized persuasion at scale},
  author={Matz, SC and Teeny, JD and Vaid, Sumer S and Peters, H and Harari, GM and Cerf, M},
  journal={Scientific Reports},
  volume={14},
  number={1},
  pages={4692},
  year={2024},
  publisher={Nature Publishing Group UK London}
}

@article{crowley1992measuring,
  title={Measuring the hedonic and utilitarian dimensions of attitudes toward product categories},
  author={Crowley, Ayn E and Spangenberg, Eric R and Hughes, Kevin R},
  journal={Marketing letters},
  volume={3},
  pages={239--249},
  year={1992},
  publisher={Springer}
}

@article{guido2006shopping,
  title={Shopping motives, big five factors, and the hedonic/utilitarian shopping value: An integration and factorial study},
  author={Guido, Gianluigi and others},
  journal={Innovative Marketing},
  volume={2},
  number={2},
  pages={57--67},
  year={2006},
  publisher={Citeseer}
}

@article{huang2010relationship,
  title={The relationship between personality traits and online shopping motivations},
  author={Huang, Jen-Hung and Yang, Yi-Chun},
  journal={Social Behavior and Personality: an international journal},
  volume={38},
  number={5},
  pages={673--679},
  year={2010},
  publisher={Scientific Journal Publishers}
}

@article{dhar2000consumer,
  title={Consumer choice between hedonic and utilitarian goods},
  author={Dhar, Ravi and Wertenbroch, Klaus},
  journal={Journal of marketing research},
  volume={37},
  number={1},
  pages={60--71},
  year={2000},
  publisher={SAGE Publications Sage CA: Los Angeles, CA}
}

@article{huettl2012visual,
  title={Visual art in advertising: The effects of utilitarian vs. hedonic product positioning and price information},
  author={Huettl, Verena and Gierl, Heribert},
  journal={Marketing Letters},
  volume={23},
  pages={893--904},
  year={2012},
  publisher={Springer}
}

@article{matz2017psychological,
  title={Psychological targeting as an effective approach to digital mass persuasion},
  author={Matz, Sandra C and Kosinski, Michal and Nave, Gideon and Stillwell, David J},
  journal={Proceedings of the national academy of sciences},
  volume={114},
  number={48},
  pages={12714--12719},
  year={2017},
  publisher={National Acad Sciences}
}

@incollection{matz2016personality,
  title={Personality-customized advertising in the digital environment},
  author={Matz, Sandra},
  booktitle={Routledge international handbook of consumer psychology},
  pages={674--692},
  year={2016},
  publisher={Routledge}
}

@article{azucar2018predicting,
  title={Predicting the Big 5 personality traits from digital footprints on social media: A meta-analysis},
  author={Azucar, Danny and Marengo, Davide and Settanni, Michele},
  journal={Personality and individual differences},
  volume={124},
  pages={150--159},
  year={2018},
  publisher={Elsevier}
}

@article{pennebaker2007linguistic,
  title={Linguistic inquiry and word count: LIWC [Computer software]},
  author={Pennebaker, James W and Booth, Roger J and Francis, Martha E},
  journal={Austin, TX: liwc. net},
  volume={135},
  year={2007}
}

@article{li2016does,
  title={When does web-based personalization really work? The distinction between actual personalization and perceived personalization},
  author={Li, Cong},
  journal={Computers in human behavior},
  volume={54},
  pages={25--33},
  year={2016},
  publisher={Elsevier}
}

@article{dijkstra2012personalization,
  title={Personalization and perceived personal relevance in computer-tailored persuasion in smoking cessation},
  author={Dijkstra, Arie and Ballast, Karien},
  journal={British journal of health psychology},
  volume={17},
  number={1},
  pages={60--73},
  year={2012},
  publisher={Wiley Online Library}
}

@article{pornpitakpan2004persuasiveness,
  title={The persuasiveness of source credibility: A critical review of five decades' evidence},
  author={Pornpitakpan, Chanthika},
  journal={Journal of applied social psychology},
  volume={34},
  number={2},
  pages={243--281},
  year={2004},
  publisher={Wiley Online Library}
}

@article{harvey1972effect,
  title={Effect of dogmatism and authority of the source of communication upon persuasion},
  author={Harvey, John and Hays, Daniel G},
  journal={Psychological Reports},
  volume={30},
  number={1},
  pages={119--122},
  year={1972},
  publisher={SAGE Publications Sage CA: Los Angeles, CA}
}

@article{dai2024ai,
  title={AI vs. human voices: How delivery source and narrative format influence the effectiveness of persuasion messages},
  author={Dai, Yue and Lee, Jiyoung and Kim, Ji Won},
  journal={International Journal of Human--Computer Interaction},
  volume={40},
  number={24},
  pages={8735--8749},
  year={2024},
  publisher={Taylor \& Francis}
}

@article{bai2023artificial,
  title={Artificial intelligence can persuade humans on political issues},
  author={Bai, Hui and Voelkel, Jan and Eichstaedt, Johannes and Willer, Robb},
  year={2023}
}

@article{teeny2021review,
  title={A review and conceptual framework for understanding personalized matching effects in persuasion},
  author={Teeny, Jacob D and Siev, Joseph J and Bri{\~n}ol, Pablo and Petty, Richard E},
  journal={Journal of Consumer Psychology},
  volume={31},
  number={2},
  pages={382--414},
  year={2021},
  publisher={Wiley Online Library}
}

@article{ahn2021ai,
  title={AI-powered recommendations: the roles of perceived similarity and psychological distance on persuasion},
  author={Ahn, Jungyong and Kim, Jungwon and Sung, Yongjun},
  journal={International Journal of Advertising},
  volume={40},
  number={8},
  pages={1366--1384},
  year={2021},
  publisher={Taylor \& Francis}
}

@article{kim2020artificial,
  title={Artificial intelligence and persuasion: A construal-level account},
  author={Kim, Tae Woo and Duhachek, Adam},
  journal={Psychological science},
  volume={31},
  number={4},
  pages={363--380},
  year={2020},
  publisher={Sage Publications Sage CA: Los Angeles, CA}
}

@article{huang2023artificial,
  title={Is artificial intelligence more persuasive than humans? A meta-analysis},
  author={Huang, Guanxiong and Wang, Sai},
  journal={Journal of Communication},
  volume={73},
  number={6},
  pages={552--562},
  year={2023},
  publisher={Oxford University Press}
}

@article{goldstein2024persuasive,
  title={How persuasive is AI-generated propaganda?},
  author={Goldstein, Josh A and Chao, Jason and Grossman, Shelby and Stamos, Alex and Tomz, Michael},
  journal={PNAS nexus},
  volume={3},
  number={2},
  pages={pgae034},
  year={2024},
  publisher={Oxford University Press US}
}

@article{wheeler2005self,
  title={Self-schema matching and attitude change: Situational and dispositional determinants of message elaboration},
  author={Wheeler, S Christian and Petty, Richard E and Bizer, George Y},
  journal={Journal of Consumer Research},
  volume={31},
  number={4},
  pages={787--797},
  year={2005},
  publisher={The University of Chicago Press}
}

@article{phillips1997thinking,
  title={Thinking into it: Consumer interpretation of complex advertising images},
  author={Phillips, Barbara J},
  journal={Journal of advertising},
  volume={26},
  number={2},
  pages={77--87},
  year={1997},
  publisher={Taylor \& Francis}
}

@article{karinshak2023working,
  title={Working with AI to persuade: Examining a large language model's ability to generate pro-vaccination messages},
  author={Karinshak, Elise and Liu, Sunny Xun and Park, Joon Sung and Hancock, Jeffrey T},
  journal={Proceedings of the ACM on Human-Computer Interaction},
  volume={7},
  number={CSCW1},
  pages={1--29},
  year={2023},
  publisher={ACM New York, NY, USA}
}

@article{dehnert2022persuasion,
  title={Persuasion in the age of artificial intelligence (AI): Theories and complications of AI-based persuasion},
  author={Dehnert, Marco and Mongeau, Paul A},
  journal={Human Communication Research},
  volume={48},
  number={3},
  pages={386--403},
  year={2022},
  publisher={Oxford University Press}
}

@article{roberts2014conscientiousness,
  title={What is conscientiousness and how can it be assessed?},
  author={Roberts, Brent W and Lejuez, Carl and Krueger, Robert F and Richards, Jessica M and Hill, Patrick L},
  journal={Developmental psychology},
  volume={50},
  number={5},
  pages={1315},
  year={2014},
  publisher={American Psychological Association}
}

@article{graziano2007agreeableness,
  title={Agreeableness, empathy, and helping: a person$\times$ situation perspective.},
  author={Graziano, William G and Habashi, Meara M and Sheese, Brad E and Tobin, Ren{\'e}e M},
  journal={Journal of personality and social psychology},
  volume={93},
  number={4},
  pages={583},
  year={2007},
  publisher={American Psychological Association}
}

@article{koutsoumpis2022kernel,
  title={The kernel of truth in text-based personality assessment: A meta-analysis of the relations between the Big Five and the Linguistic Inquiry and Word Count (LIWC).},
  author={Koutsoumpis, Antonis and Oostrom, Janneke K and Holtrop, Djurre and Van Breda, Ward and Ghassemi, Sina and de Vries, Reinout E},
  journal={Psychological Bulletin},
  volume={148},
  number={11-12},
  pages={843},
  year={2022},
  publisher={American Psychological Association}
}

@article{crowe2018uncovering,
  title={Uncovering the structure of agreeableness from self-report measures},
  author={Crowe, Michael L and Lynam, Donald R and Miller, Joshua D},
  journal={Journal of Personality},
  volume={86},
  number={5},
  pages={771--787},
  year={2018},
  publisher={Wiley Online Library}
}

@article{deyoung2010impulsivity,
  title={Impulsivity as a personality trait},
  author={DeYoung, Colin G and Rueter, AMANDA R},
  journal={Handbook of self-regulation: Research, theory, and applications},
  volume={2},
  pages={485--502},
  year={2010},
  publisher={Guilford Press New York, NY}
}

@article{flores2014effect,
  title={The effect of variations in banner ad, type of product, website context, and language of advertising on Internet usersâ€™ attitudes},
  author={Flores, William and Chen, Jeng-Chung Victor and Ross, William H},
  journal={Computers in Human Behavior},
  volume={31},
  pages={37--47},
  year={2014},
  publisher={Elsevier}
}

@article{beukeboom2013language,
  title={The language of extraversion: Extraverted people talk more abstractly, introverts are more concrete},
  author={Beukeboom, Camiel J and Tanis, Martin and Vermeulen, Ivar E},
  journal={Journal of Language and Social Psychology},
  volume={32},
  number={2},
  pages={191--201},
  year={2013},
  publisher={Sage Publications Sage CA: Los Angeles, CA}
}

@article{pennebaker1999linguistic,
  title={Linguistic styles: language use as an individual difference.},
  author={Pennebaker, James W and King, Laura A},
  journal={Journal of personality and social psychology},
  volume={77},
  number={6},
  pages={1296},
  year={1999},
  publisher={American Psychological Association}
}

@article{kover1995creativity,
  title={Creativity vs. effectiveness? An integrating classification for advertising},
  author={Kover, Arthur J and Goldberg, Stephen M and James, William L},
  journal={Journal of Advertising Research},
  volume={35},
  number={6},
  pages={29--41},
  year={1995},
  publisher={World Advertising Research Center Ltd.}
}

@article{miller2006neuroticism,
  title={Neuroticism and affective instability: the same or different?},
  author={Miller, Joshua D and Pilkonis, Paul A},
  journal={American Journal of Psychiatry},
  volume={163},
  number={5},
  pages={839--845},
  year={2006},
  publisher={American Psychiatric Association}
}

@article{markowitz2020communicating,
  title={Communicating imperatives requires psychological closeness but creates psychological distance},
  author={Markowitz, David M and Slovic, Paul},
  journal={Journal of Language and Social Psychology},
  volume={39},
  number={5-6},
  pages={598--625},
  year={2020},
  publisher={Sage Publications Sage CA: Los Angeles, CA}
}

@inproceedings{puerta2022human,
  title={Human-AI collaboration to promote trust, engagement and adaptation in the process of pro-environmental and health behaviour change},
  author={Puerta-Beldarrain, Maite and G{\'o}mez-Carmona, Oihane and Casado-Mansilla, Diego and L{\'o}pez-de-Ipi{\~n}a, Diego},
  booktitle={International Conference on Ubiquitous Computing and Ambient Intelligence},
  pages={381--392},
  year={2022},
  organization={Springer}
}

@article{backteman1981longitudinal,
  title={Longitudinal stability of personality characteristics 1},
  author={Backteman, Gunnar and Magnusson, David},
  journal={Journal of Personality},
  volume={49},
  number={2},
  pages={148--160},
  year={1981},
  publisher={Wiley Online Library}
}

@inproceedings{markovikj2013mining,
  title={Mining facebook data for predictive personality modeling},
  author={Markovikj, Dejan and Gievska, Sonja and Kosinski, Michal and Stillwell, David},
  booktitle={Proceedings of the international AAAI conference on Web and social media},
  volume={7},
  number={2},
  pages={23--26},
  year={2013}
}

@article{dijkstra2008psychology,
  title={The psychology of tailoring-ingredients in computer-tailored persuasion},
  author={Dijkstra, Arie},
  journal={Social and personality psychology compass},
  volume={2},
  number={2},
  pages={765--784},
  year={2008},
  publisher={Wiley Online Library}
}

@article{pfiffelmann2020personalized,
  title={Personalized advertisements with integration of names and photographs: An eye-tracking experiment},
  author={Pfiffelmann, Jean and Dens, Nathalie and Soulez, S{\'e}bastien},
  journal={Journal of Business Research},
  volume={111},
  pages={196--207},
  year={2020},
  publisher={Elsevier}
}

@article{maslowska2016all,
  title={It is all in the name: A study of consumers' responses to personalized communication},
  author={Maslowska, Ewa and Smit, Edith G and Van den Putte, Bas},
  journal={Journal of Interactive Advertising},
  volume={16},
  number={1},
  pages={74--85},
  year={2016},
  publisher={Taylor \& Francis}
}

@article{bang2016tracking,
  title={Tracking users' visual attention and responses to personalized advertising based on task cognitive demand},
  author={Bang, Hyejin and Wojdynski, Bartosz W},
  journal={Computers in Human Behavior},
  volume={55},
  pages={867--876},
  year={2016},
  publisher={Elsevier}
}

@article{pfiffelmann2020personalized,
  title={Personalized advertisements with integration of names and photographs: An eye-tracking experiment},
  author={Pfiffelmann, Jean and Dens, Nathalie and Soulez, S{\'e}bastien},
  journal={Journal of Business Research},
  volume={111},
  pages={196--207},
  year={2020},
  publisher={Elsevier}
}

@article{chen2019understanding,
  title={Understanding consumersâ€™ reactance of online personalized advertising: A new scheme of rational choice from a perspective of negative effects},
  author={Chen, Qi and Feng, Yuqiang and Liu, Luning and Tian, Xianyun},
  journal={International Journal of Information Management},
  volume={44},
  pages={53--64},
  year={2019},
  publisher={Elsevier}
}

@article{wheeler2005self,
  title={Self-schema matching and attitude change: Situational and dispositional determinants of message elaboration},
  author={Wheeler, S Christian and Petty, Richard E and Bizer, George Y},
  journal={Journal of Consumer Research},
  volume={31},
  number={4},
  pages={787--797},
  year={2005},
  publisher={The University of Chicago Press}
}

@article{sahni2018personalization,
  title={Personalization in email marketing: The role of noninformative advertising content},
  author={Sahni, Navdeep S and Wheeler, S Christian and Chintagunta, Pradeep},
  journal={Marketing Science},
  volume={37},
  number={2},
  pages={236--258},
  year={2018},
  publisher={INFORMS}
}

@article{de2015me,
  title={Is this for me? How consumers respond to personalized advertising on social network sites},
  author={De Keyzer, Freya and Dens, Nathalie and De Pelsmacker, Patrick},
  journal={Journal of Interactive Advertising},
  volume={15},
  number={2},
  pages={124--134},
  year={2015},
  publisher={Taylor \& Francis}
}

@article{awad2006personalization,
  title={The personalization privacy paradox: an empirical evaluation of information transparency and the willingness to be profiled online for personalization},
  author={Awad, Naveen Farag and Krishnan, Mayuram S},
  journal={MIS quarterly},
  pages={13--28},
  year={2006},
  publisher={JSTOR}
}

@article{ho2008personalization,
  title={Personalization and choice behavior: the role of personality traits},
  author={Ho, Shuk Ying and Davern, Michael J and Tam, Kar Yan},
  journal={ACM SIGMIS Database: The DATABASE for Advances in Information Systems},
  volume={39},
  number={4},
  pages={31--47},
  year={2008},
  publisher={ACM New York, NY, USA}
}

@article{moon2002personalization,
  title={Personalization and personality: Some effects of customizing message style based on consumer personality},
  author={Moon, Youngme},
  journal={Journal of Consumer Psychology},
  volume={12},
  number={4},
  pages={313--325},
  year={2002},
  publisher={Elsevier}
}

@article{aguirre2015unraveling,
  title={Unraveling the personalization paradox: The effect of information collection and trust-building strategies on online advertisement effectiveness},
  author={Aguirre, Elizabeth and Mahr, Dominik and Grewal, Dhruv and De Ruyter, Ko and Wetzels, Martin},
  journal={Journal of retailing},
  volume={91},
  number={1},
  pages={34--49},
  year={2015},
  publisher={Elsevier}
}

@article{bhavsar2024trending,
  title={Trending Personalized Advertisements: The Changing Dynamics of Advertising in Digital Era},
  author={Bhavsar, Ritu and Tiwari, Rakhi},
  journal={Journal of Communication and Management},
  volume={3},
  number={01},
  pages={36--43},
  year={2024}
}

@article{moon2002personalization,
  title={Personalization and personality: Some effects of customizing message style based on consumer personality},
  author={Moon, Youngme},
  journal={Journal of Consumer Psychology},
  volume={12},
  number={4},
  pages={313--325},
  year={2002},
  publisher={Elsevier}
}

@article{lambrecht2013does,
  title={When does retargeting work? Information specificity in online advertising},
  author={Lambrecht, Anja and Tucker, Catherine},
  journal={Journal of Marketing research},
  volume={50},
  number={5},
  pages={561--576},
  year={2013},
  publisher={SAGE Publications Sage CA: Los Angeles, CA}
}

@article{mccrae1992introduction,
  title={An introduction to the five-factor model and its applications},
  author={McCrae, Robert R and John, Oliver P},
  journal={Journal of personality},
  volume={60},
  number={2},
  pages={175--215},
  year={1992},
  publisher={Wiley Online Library}
}

@book{petty1986elaboration,
  title={The elaboration likelihood model of persuasion},
  author={Petty, Richard E and Cacioppo, John T and Petty, Richard E and Cacioppo, John T},
  year={1986},
  publisher={Springer}
}

@article{perez2014not,
  title={Not so personal: The benefits of social identity ad appeals with activation in advertising},
  author={Perez, Dikla and Steinhart, Yael},
  journal={Social Influence},
  volume={9},
  number={3},
  pages={224--241},
  year={2014},
  publisher={Taylor \& Francis}
}

@article{mols2012makes,
  title={What makes a frame persuasive? Lessons from social identity theory},
  author={Mols, Frank},
  journal={Evidence \& Policy},
  volume={8},
  number={3},
  pages={329--345},
  year={2012},
  publisher={Policy Press}
}

@article{meyers1996moderators,
  title={Moderators of the impact of self-reference on persuasion},
  author={Meyers-Levy, Joan and Peracchio, Laura A},
  journal={Journal of consumer research},
  volume={22},
  number={4},
  pages={408--423},
  year={1996},
  publisher={The University of Chicago Press}
}

@article{tam2005web,
  title={Web personalization as a persuasion strategy: An elaboration likelihood model perspective},
  author={Tam, Kar Yan and Ho, Shuk Ying},
  journal={Information systems research},
  volume={16},
  number={3},
  pages={271--291},
  year={2005},
  publisher={INFORMS}
}

@article{rogers1977self,
  title={Self-reference and the encoding of personal information.},
  author={Rogers, Timothy B and Kuiper, Nicholas A and Kirker, William S},
  journal={Journal of personality and social psychology},
  volume={35},
  number={9},
  pages={677},
  year={1977},
  publisher={American Psychological Association}
}

@article{white2013and,
  title={When do (and don't) normative appeals influence sustainable consumer behaviors?},
  author={White, Katherine and Simpson, Bonnie},
  journal={Journal of Marketing},
  volume={77},
  number={2},
  pages={78--95},
  year={2013},
  publisher={SAGE Publications Sage CA: Los Angeles, CA}
}

@article{burnkrant1989self,
  title={Self-referencing: A strategy for increasing processing of message content},
  author={Burnkrant, Robert E and Unnava, H Rao},
  journal={Personality and Social Psychology Bulletin},
  volume={15},
  number={4},
  pages={628--638},
  year={1989},
  publisher={Sage Publications Sage CA: Thousand Oaks, CA}
}

@article{summers2016audience,
  title={An audience of one: Behaviorally targeted ads as implied social labels},
  author={Summers, Christopher A and Smith, Robert W and Reczek, Rebecca Walker},
  journal={Journal of Consumer Research},
  volume={43},
  number={1},
  pages={156--178},
  year={2016},
  publisher={Oxford University Press}
}

@article{de2022and,
  title={How and when personalized advertising leads to brand attitude, click, and WOM intention},
  author={De Keyzer, Freya and Dens, Nathalie and De Pelsmacker, Patrick},
  journal={Journal of Advertising},
  volume={51},
  number={1},
  pages={39--56},
  year={2022},
  publisher={Taylor \& Francis}
}

@article{de2024role,
  title={The role of well-being in consumer's responses to personalized advertising on social media},
  author={De Keyzer, Freya and Buzeta, Cristian and Lopes, Ana Isabel},
  journal={Psychology \& Marketing},
  volume={41},
  number={6},
  pages={1206--1222},
  year={2024},
  publisher={Wiley Online Library}
}

@article{fox2015effects,
  title={The effects of rhetorical figures and cognitive load in word-of-mouth communications},
  author={Fox, Gavin L and Rinaldo, Shannon B and Amant, Kirk St},
  journal={Psychology \& Marketing},
  volume={32},
  number={10},
  pages={1017--1030},
  year={2015},
  publisher={Wiley Online Library}
}

@article{zhu2024impact,
  title={Impact of the normativeness and intelligibility of privacy interpretation information on the willingness to accept targeted advertisingâ€”A cognitive load perspective},
  author={Zhu, Qiuhua and Sun, Rui and Yuan, Yuan},
  journal={Current Psychology},
  volume={43},
  number={5},
  pages={3901--3914},
  year={2024},
  publisher={Springer}
}

@article{lina2021privacy,
  title={Privacy concerns in personalized advertising effectiveness on social media},
  author={Lina, Lia Febria and Setiyanto, Adhy},
  journal={Sriwijaya International Journal of Dynamic Economics and Business},
  pages={147--156},
  year={2021}
}

@article{madadi2021impact,
  title={The impact of Hispanic-targeted advertising on consumersâ€™ brand love in services},
  author={Madadi, Rozbeh and Torres, Ivonne M and Fazli-Salehi, Reza and Z{\'u}{\~n}iga, Miguel {\'A}ngel},
  journal={Journal of International Consumer Marketing},
  volume={33},
  number={2},
  pages={137--158},
  year={2021},
  publisher={Taylor \& Francis}
}

@article{cao2024effects,
  title={Effects of prior negative experience and personality traits on WeChat and TikTok ad avoidance among Chinese Gen Y and Gen Z},
  author={Cao, Ningyan and Isa, Normalisa Md and Perumal, Selvan},
  journal={Journal of Theoretical and Applied Electronic Commerce Research},
  volume={19},
  number={1},
  pages={95--115},
  year={2024},
  publisher={MDPI}
}

@article{tsekouras2024don,
  title={Donâ€™t Take It Personally: An Empirical Investigation of Consumer Responses to Explicit Targeting},
  author={Tsekouras, Dimitrios and Li, Ting and Frick, Thomas W},
  journal={Journal of the Association for Information Systems},
  volume={25},
  number={3},
  pages={687--720},
  year={2024}
}

@article{salvi2024conversational,
  title={On the conversational persuasiveness of large language models: A randomized controlled trial},
  author={Salvi, Francesco and Ribeiro, Manoel Horta and Gallotti, Riccardo and West, Robert},
  year={2024}
}

@article{goldstein2024persuasive,
  title={How persuasive is AI-generated propaganda?},
  author={Goldstein, Josh A and Chao, Jason and Grossman, Shelby and Stamos, Alex and Tomz, Michael},
  journal={PNAS nexus},
  volume={3},
  number={2},
  pages={pgae034},
  year={2024},
  publisher={Oxford University Press US}
}

@article{nisbett2023convincing,
  title={How convincing are AI-generated moral arguments for climate action?},
  author={Nisbett, Nicole and Spaiser, Viktoria},
  journal={Frontiers in Climate},
  volume={5},
  pages={1193350},
  year={2023},
  publisher={Frontiers Media SA}
}

@article{karinshak2023working,
  title={Working with AI to persuade: Examining a large language model's ability to generate pro-vaccination messages},
  author={Karinshak, Elise and Liu, Sunny Xun and Park, Joon Sung and Hancock, Jeffrey T},
  journal={Proceedings of the ACM on Human-Computer Interaction},
  volume={7},
  number={CSCW1},
  pages={1--29},
  year={2023},
  publisher={ACM New York, NY, USA}
}

@article{huang2023artificial,
  title={Is artificial intelligence more persuasive than humans? A meta-analysis},
  author={Huang, Guanxiong and Wang, Sai},
  journal={Journal of Communication},
  volume={73},
  number={6},
  pages={552--562},
  year={2023},
  publisher={Oxford University Press}
}

@article{simchon2024persuasive,
  title={The persuasive effects of political microtargeting in the age of generative artificial intelligence},
  author={Simchon, Almog and Edwards, Matthew and Lewandowsky, Stephan},
  journal={PNAS nexus},
  volume={3},
  number={2},
  pages={pgae035},
  year={2024},
  publisher={Oxford University Press US}
}

@article{mieleszczenko2024dark,
  title={The Dark Patterns of Personalized Persuasion in Large Language Models: Exposing Persuasive Linguistic Features for Big Five Personality Traits in LLMs Responses},
  author={Mieleszczenko-Kowszewicz, Wiktoria and P{\l}udowski, Dawid and Ko{\l}odziejczyk, Filip and {\'S}wistak, Jakub and Sienkiewicz, Julian and Biecek, Przemys{\l}aw},
  journal={arXiv preprint arXiv:2411.06008},
  year={2024}
}

@inproceedings{meguellati2024good,
  title={How good are LLMS in generating personalized advertisements?},
  author={Meguellati, Elyas and Han, Lei and Bernstein, Abraham and Sadiq, Shazia and Demartini, Gianluca},
  booktitle={Companion Proceedings of the ACM Web Conference 2024},
  pages={826--829},
  year={2024}
}

@article{dietvorst2015algorithm,
  title={Algorithm aversion: people erroneously avoid algorithms after seeing them err.},
  author={Dietvorst, Berkeley J and Simmons, Joseph P and Massey, Cade},
  journal={Journal of experimental psychology: General},
  volume={144},
  number={1},
  pages={114},
  year={2015},
  publisher={American Psychological Association}
}

@article{longoni2019resistance,
  title={Resistance to medical artificial intelligence},
  author={Longoni, Chiara and Bonezzi, Andrea and Morewedge, Carey K},
  journal={Journal of consumer research},
  volume={46},
  number={4},
  pages={629--650},
  year={2019},
  publisher={Oxford University Press}
}

@article{dang2024extended,
  title={Extended artificial intelligence aversion: People deny humanness to artificial intelligence users.},
  author={Dang, Jianning and Liu, Li},
  journal={Journal of Personality and Social Psychology},
  year={2024},
  publisher={American Psychological Association}
}

@article{turel2023prejudiced,
  title={Prejudiced against the Machine? Implicit Associations and the Transience of Algorithm Aversion.},
  author={Turel, Ofir and Kalhan, Shivam},
  journal={Mis Quarterly},
  volume={47},
  number={4},
  year={2023}
}

@article{castelo2019task,
  title={Task-dependent algorithm aversion},
  author={Castelo, Noah and Bos, Maarten W and Lehmann, Donald R},
  journal={Journal of marketing research},
  volume={56},
  number={5},
  pages={809--825},
  year={2019},
  publisher={SAGE Publications Sage CA: Los Angeles, CA}
}

@article{lin5080378visible,
  title={Visible Sources and Invisible Risks: Exploring the Impact of Ai Disclosure on Perceived Credibility of Ai-Generated Content},
  author={Lin, Teng and Zhang, Yiqing},
  journal={Available at SSRN 5080378}
}

@article{khan2024ai,
  title={AI credibility and consumer-AI experiences: a conceptual framework},
  author={Khan, Abdul Wahid and Mishra, Abhishek},
  journal={Journal of Service Theory and Practice},
  volume={34},
  number={1},
  pages={66--97},
  year={2024},
  publisher={Emerald Publishing Limited}
}

@article{li2024impact,
  title={Impact of Artificial Intelligence--Generated Content Labels On Perceived Accuracy, Message Credibility, and Sharing Intentions for Misinformation: Web-Based, Randomized, Controlled Experiment},
  author={Li, Fan and Yang, Ya and others},
  journal={JMIR Formative Research},
  volume={8},
  number={1},
  pages={e60024},
  year={2024},
  publisher={JMIR Publications Inc., Toronto, Canada}
}

@article{cesario2004regulatory,
  title={Regulatory fit and persuasion: Transfer from" feeling right."},
  author={Cesario, Joseph and Grant, Heidi and Higgins, E Tory},
  journal={Journal of personality and social psychology},
  volume={86},
  number={3},
  pages={388},
  year={2004},
  publisher={American Psychological Association}
}

@article{brinol2009source,
  title={Source factors in persuasion: A self-validation approach},
  author={Bri{\~n}ol, Pablo and Petty, Richard E},
  journal={European review of social psychology},
  volume={20},
  number={1},
  pages={49--96},
  year={2009},
  publisher={Taylor \& Francis}
}

@article{costa1995domains,
  title={Domains and facets: Hierarchical personality assessment using the Revised NEO Personality Inventory},
  author={Costa Jr, Paul T and McCrae, Robert R},
  journal={Journal of personality assessment},
  volume={64},
  number={1},
  pages={21--50},
  year={1995},
  publisher={Taylor \& Francis}
}

@book{eysenck2017biological,
  title={The biological basis of personality},
  author={Eysenck, Hans},
  year={2017},
  publisher={Routledge}
}

@book{briggs1976myers,
  title={Myers-Briggs type indicator},
  author={Briggs, Katharine C},
  year={1976},
  publisher={Consulting Psychologists Press Palo Alto, CA}
}

@article{pittenger2005cautionary,
  title={Cautionary comments regarding the Myers-Briggs type indicator.},
  author={Pittenger, David J},
  journal={Consulting Psychology Journal: Practice and Research},
  volume={57},
  number={3},
  pages={210},
  year={2005},
  publisher={Educational Publishing Foundation}
}

@article{ashton2007empirical,
  title={Empirical, theoretical, and practical advantages of the HEXACO model of personality structure},
  author={Ashton, Michael C and Lee, Kibeom},
  journal={Personality and social psychology review},
  volume={11},
  number={2},
  pages={150--166},
  year={2007},
  publisher={SAGE publications Sage CA: Los Angeles, CA}
}

@article{paulhus2002dark,
  title={The dark triad of personality: Narcissism, Machiavellianism, and psychopathy},
  author={Paulhus, Delroy L and Williams, Kevin M},
  journal={Journal of research in personality},
  volume={36},
  number={6},
  pages={556--563},
  year={2002},
  publisher={Elsevier}
}

@article{mccrae2002nature,
  title={Nature over nurture: Temperament, personality, and life span development},
  author={McCrae, Robert R and Costa, Paul T and Ostendorf, Fritz and Angleitner, Alois and H{\v{r}}eb{\'\i}{\v{c}}kov{\'a}, Martina and Avia, Maria D and Sanz, Jes{\'u}s and Sanchez-Bernardos, Maria L and Kusdil, M Ersin and Woodfield, Ruth and others},
  year={2002}
}

@article{caspi2005personality,
  title={Personality development: Stability and change},
  author={Caspi, Avshalom and Roberts, Brent W and Shiner, Rebecca L},
  journal={Annu. Rev. Psychol.},
  volume={56},
  pages={453--484},
  year={2005},
  publisher={Annual Reviews}
}

@article{gerber2013big,
  title={Big five personality traits and responses to persuasive appeals: Results from voter turnout experiments},
  author={Gerber, Alan S and Huber, Gregory A and Doherty, David and Dowling, Conor M and Panagopoulos, Costas},
  journal={Political Behavior},
  volume={35},
  pages={687--728},
  year={2013},
  publisher={Springer}
}

@article{oyibo2017investigation,
  title={Investigation of the Influence of Personality Traits on Cialdini's Persuasive Strategies.},
  author={Oyibo, Kiemute and Orji, Rita and Vassileva, Julita},
  journal={PPT@ PERSUASIVE},
  volume={2017},
  pages={8--20},
  year={2017}
}

@article{wall2019personality,
  title={Personality profiles and persuasion: An exploratory study investigating the role of the Big-5, Type D personality and the Dark Triad on susceptibility to persuasion},
  author={Wall, Helen J and Campbell, Claire C and Kaye, Linda K and Levy, Andy and Bhullar, Navjot},
  journal={Personality and Individual Differences},
  volume={139},
  pages={69--76},
  year={2019},
  publisher={Elsevier}
}

@inproceedings{breum2024persuasive,
  title={The persuasive power of large language models},
  author={Breum, Simon Martin and Egdal, Daniel V{\ae}dele and Mortensen, Victor Gram and M{\o}ller, Anders Giovanni and Aiello, Luca Maria},
  booktitle={Proceedings of the International AAAI Conference on Web and Social Media},
  volume={18},
  pages={152--163},
  year={2024}
}

@article{lambrecht2013does,
  title={When does retargeting work? Information specificity in online advertising},
  author={Lambrecht, Anja and Tucker, Catherine},
  journal={Journal of Marketing research},
  volume={50},
  number={5},
  pages={561--576},
  year={2013},
  publisher={SAGE Publications Sage CA: Los Angeles, CA}
}

@article{cesario2008regulatory,
  title={Regulatory fit and persuasion: Basic principles and remaining questions},
  author={Cesario, Joseph and Higgins, E Tory and Scholer, Abigail A},
  journal={Social and Personality Psychology Compass},
  volume={2},
  number={1},
  pages={444--463},
  year={2008},
  publisher={Wiley Online Library}
}

@article{yoon2024designing,
  title={Designing and Evaluating Multi-Chatbot Interface for Human-AI Communication: Preliminary Findings from a Persuasion Task},
  author={Yoon, Sion and Kim, Tae Eun and Oh, Yoo Jung},
  journal={arXiv preprint arXiv:2406.19648},
  year={2024}
}

@article{chaka2024reviewing,
  title={Reviewing the performance of AI detection tools in differentiating between AI-generated and human-written texts: A literature and integrative hybrid review},
  author={Chaka, Chaka},
  journal={Journal of Applied Learning and Teaching},
  volume={7},
  number={1},
  pages={115--126},
  year={2024}
}

@article{raut2023reinforcing,
  title={Reinforcing personalized persuasion in task-oriented virtual sales assistant},
  author={Raut, Aritra and Tiwari, Abhisek and Das, Subrata and Saha, Sriparna and Maitra, Anutosh and Ramnani, Roshni and Sengupta, Shubhashis},
  journal={Plos one},
  volume={18},
  number={1},
  pages={e0275750},
  year={2023},
  publisher={Public Library of Science San Francisco, CA USA}
}

@incollection{golbeck2011predicting,
  title={Predicting personality with social media},
  author={Golbeck, Jennifer and Robles, Cristina and Turner, Karen},
  booktitle={CHI'11 extended abstracts on human factors in computing systems},
  pages={253--262},
  year={2011}
}

@article{matz2019predicting,
  title={Predicting the personal appeal of marketing images using computational methods},
  author={Matz, Sandra C and Segalin, Cristina and Stillwell, David and M{\"u}ller, Sandrine R and Bos, Maarten W},
  journal={Journal of consumer psychology},
  volume={29},
  number={3},
  pages={370--390},
  year={2019},
  publisher={Wiley Online Library}
}

@inproceedings{segalin2017your,
  title={What your Facebook profile picture reveals about your personality},
  author={Segalin, Cristina and Celli, Fabio and Polonio, Luca and Kosinski, Michal and Stillwell, David and Sebe, Nicu and Cristani, Marco and Lepri, Bruno},
  booktitle={Proceedings of the 25th ACM international conference on Multimedia},
  pages={460--468},
  year={2017}
}

@article{zhang2024mm,
  title={Mm-llms: Recent advances in multimodal large language models},
  author={Zhang, Duzhen and Yu, Yahan and Dong, Jiahua and Li, Chenxing and Su, Dan and Chu, Chenhui and Yu, Dong},
  journal={arXiv preprint arXiv:2401.13601},
  year={2024}
}

@article{alkics2015impact,
  title={The impact of individual differences on influence strategies},
  author={Alk{\i}{\c{s}}, Nurcan and Temizel, Tu{\u{g}}ba Ta{\c{s}}kaya},
  journal={Personality and Individual Differences},
  volume={87},
  pages={147--152},
  year={2015},
  publisher={Elsevier}
}